@ONLINE {fredol2019,
    author = "Fredo L.",
    title  = "www.abandonware-magazines.org",
    year   = "2019",
    url    = "https://abandonware-magazines.org/",
    note="Last visited Novembere 21th, 2019",
}
@INBOOK {claireblandin2018,
    author    = "Claire Blandin",
    title     = "Manuel d’analyse de la presse magazine",
    chapter   = "La presse vidéoludique (Björn-Olav Dozo et Boris Krywicki)",
    publisher = "Paris, Armand Colin",
    year      = "2018",
    note="Read November 19th, 2019",
}
@ONLINE {pulkitsharma20181,
    author = "Pulkit Sharma",
    title  = "A Step-by-Step Introduction to the Basic Object Detection Algorithms (Part 1)",
    month  = "October 11th",
    year   = "2018",
    url    = "https://www.analyticsvidhya.com/blog/2018/10/a-step-by-step-introduction-to-the-basic-object-detection-algorithms-part-1/",
    note="Last visited December 1st, 2019",
}
@ONLINE {pulkitsharma20182,
    author = "Pulkit Sharma",
    title  = "A Practical Implementation of the Faster R-CNN Algorithm for Object Detection (Part 2 – with Python codes)",
    month  = "November 4th",
    year   = "2018",
    url    = "https://www.analyticsvidhya.com/blog/2018/11/implementation-faster-r-cnn-python-object-detection/",
    note="Last visited December 1st, 2019",
}
@ONLINE {pulkitsharma20183,
    author = "Pulkit Sharma",
    title  = "A Practical Guide to Object Detection using the Popular YOLO Framework – Part III (with Python codes)",
    month  = "December 6th",
    year   = "2018",
    url    = "https://www.analyticsvidhya.com/blog/2018/12/practical-guide-object-detection-yolo-framewor-python/",
    note="Last visited December 1st, 2019",
}
@ONLINE {theochapuis2014,
    author = "Théo Chapuis",
    title  = "30 ans d'évolution des publicités des jeux vidéos",
    month  = "April 11th",
    year   = "2014",
    url    = "https://www.konbini.com/fr/inspiration-2/30ans-publicites-jeux-video/",
    note="Last visited December 11st, 2019",
}
@ONLINE {ujjwalkarn2016,
    author = "Ujjwal Karn",
    title  = "An Intuitive Explanation of Convolutional Neural Networks",
    month  = "Augusth 11th",
    year   = "2016",
    url    = "https://ujjwalkarn.me/2016/08/11/intuitive-explanation-convnets/",
    note="Last visited December 9th, 2019",
}

@misc{tensorflow2015-whitepaper,
title={ {TensorFlow}: Large-Scale Machine Learning on Heterogeneous Systems},
url={https://www.tensorflow.org/},
note={Software available from tensorflow.org},
author={
    Mart\'{\i}n~Abadi and others},
  year={2015},
}

@misc{chollet2015keras,
  title={Keras},
  author={Chollet, Fran\c{c}ois and others},
  year={2015},
  howpublished={\url{https://keras.io}},
}

@article{scikit-learn,
 title={Scikit-learn: Machine Learning in {P}ython},
 author={Pedregosa, F. and Varoquaux, G. and Gramfort, A. and Michel, V.
         and Thirion, B. and Grisel, O. and Blondel, M. and Prettenhofer, P.
         and Weiss, R. and Dubourg, V. and Vanderplas, J. and Passos, A. and
         Cournapeau, D. and Brucher, M. and Perrot, M. and Duchesnay, E.},
 journal={Journal of Machine Learning Research},
 volume={12},
 pages={2825--2830},
 year={2011}
}

@article{opencv_library,
    author = {Bradski, G.},
    citeulike-article-id = {2236121},
    journal = {Dr. Dobb's Journal of Software Tools},
    keywords = {bibtex-import},
    posted-at = {2008-01-15 19:21:54},
    priority = {4},
    title = {{The OpenCV Library}},
    year = {2000}
}

@article{ss,
author = {Uijlings, Jasper and Sande, K. and Gevers, T. and Smeulders, Arnold},
year = {2013},
month = {09},
pages = {154-171},
title = {Selective Search for Object Recognition},
volume = {104},
journal = {International Journal of Computer Vision},
doi = {10.1007/s11263-013-0620-5},
    note="Last read December 17th, 2019",
}

@ARTICLE{7112511,
author={R. {Girshick} and J. {Donahue} and T. {Darrell} and J. {Malik}},
journal={IEEE Transactions on Pattern Analysis and Machine Intelligence},
title={Region-Based Convolutional Networks for Accurate Object Detection and Segmentation},
year={2016},
volume={38},
number={1},
pages={142-158},
keywords={convolutional codes;image coding;image segmentation;object detection;source coding;region-based convolutional networks;object detection;object segmentation;canonical PASCAL VOC Challenge datasets;mean average precision;mAP;high-capacity convolutional networks;source code;Proposals;Object detection;Feature extraction;Training;Image segmentation;Support vector machines;Detectors;Object recognition;detection;semantic segmentation;convolutional networks;deep learning;transfer learning;Object recognition;detection;semantic segmentation;convolutional networks;deep learning;transfer learning},
doi={10.1109/TPAMI.2015.2437384},
ISSN={1939-3539},
month={Jan},}

@misc{simonyan2014deep,
    title={Very Deep Convolutional Networks for Large-Scale Image Recognition},
    author={Karen Simonyan and Andrew Zisserman},
    year={2014},
    eprint={1409.1556},
    archivePrefix={arXiv},
    primaryClass={cs.CV}
}
@ONLINE {rohithgandhi2018,
    author = "Rohith Gandhi",
    title  = "R-CNN, Fast R-CNN, Faster R-CNN, YOLO — Object Detection Algorithms",
    month  = "July 9th",
    year   = "2018",
    url    = "https://towardsdatascience.com/r-cnn-fast-r-cnn-faster-r-cnn-yolo-object-detection-algorithms-36d53571365e",
    note="Last visited December 18th, 2019",
}
@ONLINE {prakashjay2017,
    author = "Prakash Jay",
    title  = "Transfer Learning using Keras",
    month  = "April 15th",
    year   = "2017",
    url    = "https://towardsdatascience.com/r-cnn-fast-r-cnn-faster-r-cnn-yolo-object-detection-algorithms-36d53571365e",
    note="Last visited December 17th, 2019",
}
@ONLINE {vgg,
    title  = "VGG16 – Convolutional Network for Classification and Detection",
    month  = "November 20th",
    year   = "2018",
    url    = "https://neurohive.io/en/popular-networks/vgg16/",
    note="Last visited December 18th, 2019",
}

@misc {others,
    title = "Other references used",
    url = "https://pastebin.com/jBDxGhhH",
    note = "We tried to be exhaustive and to not forget any link."
}